\begin{thebibliography}{widest entry}  @article{DBLP:journals/corr/MadkourARRB17,
    author    = {Amgad Madkour and
               Walid G. Aref and
               Faizan Ur Rehman and
               Mohamed Abdur Rahman and
               Saleh M. Basalamah},
    title     = {A Survey of Shortest-Path Algorithms},
    journal   = {CoRR},
    volume    = {abs/1705.02044},
    year      = {2017},
    url       = {http://arxiv.org/abs/1705.02044},
    eprinttype = {arXiv},
    eprint    = {1705.02044},
    timestamp = {Tue, 17 Sep 2019 14:15:25 +0200},
    biburl    = {https://dblp.org/rec/journals/corr/MadkourARRB17.bib},
    bibsource = {dblp computer science bibliography, https://dblp.org}
}

@article{Mendoza_2019,
doi = {10.1088/1742-6596/1414/1/012007},
url = {https://dx.doi.org/10.1088/1742-6596/1414/1/012007},
year = {2019},
month = {nov},
publisher = {IOP Publishing},
volume = {1414},
number = {1},
pages = {012007},
@author = {D Mendoza and Z C Nieto-SÃ¡nchez and M Vergel-Ortega},
title = {Technology and mathematics as a cognitive component},
journal = {Journal of Physics: Conference Series},
}

@article{DBLP:journals/corr/abs-1812-04202,
  author    = {Ziwei Zhang and
               Peng Cui and
               Wenwu Zhu},
  title     = {Deep Learning on Graphs: {A} Survey},
  journal   = {CoRR},
  volume    = {abs/1812.04202},
  year      = {2018},
  url       = {http://arxiv.org/abs/1812.04202},
  eprinttype = {arXiv},
  eprint    = {1812.04202},
  timestamp = {Tue, 01 Jan 2019 15:01:25 +0100},
  biburl    = {https://dblp.org/rec/journals/corr/abs-1812-04202.bib},
  bibsource = {dblp computer science bibliography, https://dblp.org}
}

@Article{data7010010,
AUTHOR = {Buffelli, Davide and Vandin, Fabio},
TITLE = {The Impact of Global Structural Information in Graph Neural Networks Applications},
JOURNAL = {Data},
VOLUME = {7},
YEAR = {2022},
NUMBER = {1},
ARTICLE-NUMBER = {10},
URL = {https://www.mdpi.com/2306-5729/7/1/10},
ISSN = {2306-5729},
DOI = {10.3390/data7010010}
}

@article{DBLP:journals/corr/abs-1901-00596,
  author    = {Zonghan Wu and
               Shirui Pan and
               Fengwen Chen and
               Guodong Long and
               Chengqi Zhang and
               Philip S. Yu},
  title     = {A Comprehensive Survey on Graph Neural Networks},
  journal   = {CoRR},
  volume    = {abs/1901.00596},
  year      = {2019},
  url       = {http://arxiv.org/abs/1901.00596},
  eprinttype = {arXiv},
  eprint    = {1901.00596},
  timestamp = {Thu, 31 Jan 2019 13:52:49 +0100},
  biburl    = {https://dblp.org/rec/journals/corr/abs-1901-00596.bib},
  bibsource = {dblp computer science bibliography, https://dblp.org}
}

@article{DBLP:journals/corr/HamiltonYL17,
  author    = {William L. Hamilton and
               Rex Ying and
               Jure Leskovec},
  title     = {Inductive Representation Learning on Large Graphs},
  journal   = {CoRR},
  volume    = {abs/1706.02216},
  year      = {2017},
  url       = {http://arxiv.org/abs/1706.02216},
  eprinttype = {arXiv},
  eprint    = {1706.02216},
  timestamp = {Mon, 13 Aug 2018 16:46:12 +0200},
  biburl    = {https://dblp.org/rec/journals/corr/HamiltonYL17.bib},
  bibsource = {dblp computer science bibliography, https://dblp.org}
}

@article{DBLP:journals/corr/KipfW16,
  author    = {Thomas N. Kipf and
               Max Welling},
  title     = {Semi-Supervised Classification with Graph Convolutional Networks},
  journal   = {CoRR},
  volume    = {abs/1609.02907},
  year      = {2016},
  url       = {http://arxiv.org/abs/1609.02907},
  eprinttype = {arXiv},
  eprint    = {1609.02907},
  timestamp = {Mon, 13 Aug 2018 16:48:31 +0200},
  biburl    = {https://dblp.org/rec/journals/corr/KipfW16.bib},
  bibsource = {dblp computer science bibliography, https://dblp.org}
}

@misc{https://doi.org/10.48550/arxiv.1611.07308,
  doi = {10.48550/ARXIV.1611.07308},

  url = {https://arxiv.org/abs/1611.07308},

  author = {Kipf, Thomas N. and Welling, Max},

  keywords = {Machine Learning (stat.ML), Machine Learning (cs.LG), FOS: Computer and information sciences, FOS: Computer and information sciences},
 title = {Variational Graph Auto-Encoders},
publisher = {arXiv},
year = {2016},
 copyright = {arXiv.org perpetual, non-exclusive license}
}


@article{Yan_Xiong_Lin_2018,
title={Spatial Temporal Graph Convolutional Networks for Skeleton-Based Action Recognition}, volume={32},
url={https://ojs.aaai.org/index.php/AAAI/article/view/12328},
DOI={10.1609/aaai.v32i1.12328},
 number={1},
 journal={Proceedings of the AAAI Conference on Artificial Intelligence},
 author={Yan, Sijie and Xiong, Yuanjun and Lin, Dahua}, year={2018}, month={Apr.}
 }

@inproceedings{inproceedings,
author = {Wei, Xinde and Huang, Hai and Ma, Longxuan and Yang, Ze and Xu, Liutong},
year = {2020},
month = {10},
pages = {91-97},
title = {Recurrent Graph Neural Networks for Text Classification},
doi = {10.1109/ICSESS49938.2020.9237709}
}

@inproceedings{inproceedings,
author = {Wei, Xinde and Huang, Hai and Ma, Longxuan and Yang, Ze and Xu, Liutong},
year = {2020},
month = {10},
pages = {91-97},
title = {Recurrent Graph Neural Networks for Text Classification},
doi = {10.1109/ICSESS49938.2020.9237709}
}
\end{thebibliography}
